% Example bibliography entry in BibTeX format

@article{articleExample,
  author  = {Peter Adams}, 
  title   = {The title of the work},
  journal = {The name of the journal},
  year    = 1993,
  number  = 2,
  pages   = {201-213},
  month   = 7,
  note    = {An optional note}, 
  volume  = 4
}

@misc{MAE,
	ALTauthor = {ManuelServais},
	ALTeditor = {editor},
	title = {Metrics Analytic Engine},
	date = {date},
	url = {https://twiki.cern.ch/twiki/bin/viewauth/DSSGroup/MetricsAnalysisEngine},
}


@misc{castor,
	ALTauthor = {author},
	ALTeditor = {editor},
	title = {CASTOR},
	date = {date},
	url = {http://castor.web.cern.ch/},
	OPTsubtitle = {subtitle},
	OPTtitleaddon = {titleaddon},
	OPTlanguage = {language},
	OPThowpublished = {howpublished},
	OPTtype = {type},
	OPTversion = {version},
	OPTnote = {note},
	OPTorganization = {organization},
	OPTlocation = {location},
	OPTdate = {date},
	OPTmonth = {month},
	OPTyear = {year},
	OPTaddendum = {addendum},
	OPTpubstate = {pubstate},
	OPTdoi = {doi},
	OPTeprint = {eprint},
	OPTeprintclass = {eprintclass},
	OPTeprinttype = {eprinttype},
	OPTurl = {http://castor.web.cern.ch/},
	OPTurldate = {urldate},
}

@misc{graphite,
	ALTauthor = {author},
	ALTeditor = {editor},
	title = {Graphite},
	date = {date},
	OPTsubtitle = {subtitle},
	OPTtitleaddon = {titleaddon},
	OPTlanguage = {language},
	OPThowpublished = {howpublished},
	OPTtype = {type},
	OPTversion = {version},
	OPTnote = {note},
	OPTorganization = {organization},
	OPTlocation = {location},
	OPTdate = {date},
	OPTmonth = {month},
	OPTyear = {year},
	OPTaddendum = {addendum},
	OPTpubstate = {pubstate},
	OPTdoi = {doi},
	OPTeprint = {eprint},
	OPTeprintclass = {eprintclass},
	OPTeprinttype = {eprinttype},
	url = {https://github.com/tmm1/graphite},
	OPTurldate = {urldate},
}


@misc{mon,
	ALTauthor = {author},
	ALTeditor = {editor},
	title = {Monitoring with Graphite},
	date = {date},
	url={https://www.safaribooksonline.com/library/view/monitoring-with-graphite/9781491916421/ch01.html},
	OPTsubtitle = {subtitle},
	OPTtitleaddon = {titleaddon},
	OPTlanguage = {language},
	OPThowpublished = {howpublished},
	OPTtype = {type},
	OPTversion = {version},
	OPTnote = {note},
	OPTorganization = {organization},
	OPTlocation = {location},
	OPTdate = {date},
	OPTmonth = {month},
	OPTyear = {year},
	OPTaddendum = {addendum},
	OPTpubstate = {pubstate},
	OPTdoi = {doi},
	OPTeprint = {eprint},
	OPTeprintclass = {eprintclass},
	OPTeprinttype = {eprinttype},
	OPTurl = {url},
	OPTurldate = {urldate},
}


@misc{cockpit,
	ALTauthor = {author},
	ALTeditor = {editor},
	title = {Cockpit},
	date = {date},
	OPTsubtitle = {subtitle},
	OPTtitleaddon = {titleaddon},
	OPTlanguage = {language},
	OPThowpublished = {howpublished},
	OPTtype = {type},
	OPTversion = {version},
	OPTnote = {note},
	OPTorganization = {organization},
	OPTlocation = {location},
	OPTdate = {date},
	OPTmonth = {month},
	OPTyear = {year},
	OPTaddendum = {addendum},
	OPTpubstate = {pubstate},
	OPTdoi = {doi},
	OPTeprint = {eprint},
	OPTeprintclass = {eprintclass},
	OPTeprinttype = {eprinttype},
	url = {https://twiki.cern.ch/twiki/bin/viewauth/DSSGroup/CockpitWebInterface},
	OPTurldate = {urldate},
}

@misc{graphitedocs,
	ALTauthor = {author},
	ALTeditor = {editor},
	title = {Graphite docs},
	date = {date},
	OPTsubtitle = {subtitle},
	OPTtitleaddon = {titleaddon},
	OPTlanguage = {language},
	OPThowpublished = {howpublished},
	OPTtype = {type},
	OPTversion = {version},
	OPTnote = {note},
	OPTorganization = {organization},
	OPTlocation = {location},
	OPTdate = {date},
	OPTmonth = {month},
	OPTyear = {year},
	OPTaddendum = {addendum},
	OPTpubstate = {pubstate},
	OPTdoi = {doi},
	OPTeprint = {eprint},
	OPTeprintclass = {eprintclass},
	OPTeprinttype = {eprinttype},
	url = {http://graphite.readthedocs.io/en/latest/index.html},
	OPTurldate = {urldate},
}

@misc{grafana,
	ALTauthor = {author},
	ALTeditor = {editor},
	title = {Grafana},
	date = {date},
	OPTsubtitle = {subtitle},
	OPTtitleaddon = {titleaddon},
	OPTlanguage = {language},
	OPThowpublished = {howpublished},
	OPTtype = {type},
	OPTversion = {version},
	OPTnote = {note},
	OPTorganization = {organization},
	OPTlocation = {location},
	OPTdate = {date},
	OPTmonth = {month},
	OPTyear = {year},
	OPTaddendum = {addendum},
	OPTpubstate = {pubstate},
	OPTdoi = {doi},
	OPTeprint = {eprint},
	OPTeprintclass = {eprintclass},
	OPTeprinttype = {eprinttype},
	url = {http://grafana.org/},
	OPTurldate = {urldate},
}


@misc{django,
	ALTauthor = {author},
	ALTeditor = {editor},
	title = {Django},
	date = {date},
	OPTsubtitle = {subtitle},
	OPTtitleaddon = {titleaddon},
	OPTlanguage = {language},
	OPThowpublished = {howpublished},
	OPTtype = {type},
	OPTversion = {version},
	OPTnote = {note},
	OPTorganization = {organization},
	OPTlocation = {location},
	OPTdate = {date},
	OPTmonth = {month},
	OPTyear = {year},
	OPTaddendum = {addendum},
	OPTpubstate = {pubstate},
	OPTdoi = {doi},
	OPTeprint = {eprint},
	OPTeprintclass = {eprintclass},
	OPTeprinttype = {eprinttype},
	url = {https://docs.djangoproject.com/en/1.10/howto/custom-management-commands/},
	OPTurldate = {urldate},
}

